@Book{Fowles,
	author = {Grant R. Fowles},
	title = {Introduction to modern optics},
	publisher = {},
	year = {1990},
	edition = {2}
@article{schwartz2007transport,
	title={Transport and Anderson localization in disordered two-dimensional photonic lattices},
	author={Schwartz, Tal and Bartal, Guy and Fishman, Shmuel and Segev, Mordechai},
	journal={Nature},
	volume={446},
	number={7131},
	pages={52},
	year={2007},
	publisher={Nature Publishing Group}
}

@article{Vishwanath_2002,
	doi = {10.1088/0031-9155/47/18/308},
	year = {2002},
	month = {sep},
	publisher = {{IOP} Publishing},
	volume = {47},
	number = {18},
	pages = {3387--3405},
	author = {Karthik Vishwanath and Brian Pogue and Mary-Ann Mycek},
	title = {Quantitative fluorescence lifetime spectroscopy in turbid media: comparison of theoretical, experimental and computational methods},
	journal = {Physics in Medicine and Biology}
}

@article{doi:10.1021/bc025600x,
	author = {Buschmann, Volker and Weston, Kenneth D. and Sauer, Markus},
	title = {Spectroscopic Study and Evaluation of Red-Absorbing Fluorescent Dyes},
	journal = {Bioconjugate Chemistry},
	volume = {14},
	number = {1},
	pages = {195-204},
	year = {2003},
	doi = {10.1021/bc025600x}	
}

@article{doi:10.1562/0031-8655(2002)0750327FQYATR2.0.CO2,
	author = {Magde, Douglas and Wong, Roger and Seybold, Paul G.},
	title = {Fluorescence Quantum Yields and Their Relation to Lifetimes of Rhodamine 6G and Fluorescein in Nine Solvents: Improved Absolute Standards for Quantum Yields},
	journal = {Photochemistry and Photobiology},
	volume = {75},
	number = {4},
	pages = {327-334},
	doi = {10.1562/0031-8655(2002)0750327FQYATR2.0.CO2},
	year = {2002}
}

@article{doi:10.1021/ac961281p,
	author = {Nunnally, Brian K. and He, Hui and Li, Liang-Chi and Tucker, Sheryl A. and McGown, Linda B.},
	title = {Characterization of Visible Dyes for Four-Decay Fluorescence Detection in DNA Sequencing},
	journal = {Analytical Chemistry},
	volume = {69},
	number = {13},
	pages = {2392-2397},
	year = {1997},
	doi = {10.1021/ac961281p}
}

@Inbook{Purcell1995,
	author="Purcell, E. M.",
	editor="Burstein, Elias
	and Weisbuch, Claude",
	title="Spontaneous Emission Probabilities at Radio Frequencies",
	bookTitle="Confined Electrons and Photons: New Physics and Applications",
	year="1995",
	publisher="Springer US",
	address="Boston, MA",
	pages="839--839",
	isbn="978-1-4615-1963-8",
	doi="10.1007/978-1-4615-1963-8_40"
}

@article{PhysRevA.52.3082,
	title = {Ultrafast pulse interactions with two-level atoms},
	author = {Ziolkowski, Richard W. and Arnold, John M. and Gogny, Daniel M.},
	journal = {Phys. Rev. A},
	volume = {52},
	issue = {4},
	pages = {3082--3094},
	numpages = {0},
	year = {1995},
	month = {Oct},
	publisher = {American Physical Society},
	doi = {10.1103/PhysRevA.52.3082}
}

@ARTICLE{662652,
	author={A. S. {Nagra} and R. A. {York}},
	journal={IEEE Transactions on Antennas and Propagation},
	title={{FDTD} analysis of wave propagation in nonlinear absorbing and gain media},
	year={1998},
	volume={46},
	number={3},
	pages={334-340},
	keywords={electromagnetic wave absorption;finite difference time-domain analysis;differential equations;transient response;frequency response;electromagnetic wave polarisation;electromagnetic wave propagation;electromagnetic fields;FDTD analysis;EM wave propagation;nonlinear absorbing media;finite-difference time-domain;nonlinear gain media;saturable absorbers;lasers;differential equation;rate equations;time-domain dynamics;atomic populations;small signal intensities;slowly varying pulses;frequency-domain methods;linear susceptibility function;population dynamics;large signal intensities;transient response;rapidly varying pulses;two-level atomic media;four-level atomic media;small-signal frequency response;Finite difference methods;Time domain analysis;Nonlinear equations;Maxwell equations;Atomic measurements;Optical propagation;Differential equations;Atomic beams;Electromagnetic propagation;Frequency},
	doi={10.1109/8.662652},
	ISSN={0018-926X},
	month={March},}

@Article{Noginov2009,
	author={Noginov, M. A.
	and Zhu, G.
	and Belgrave, A. M.
	and Bakker, R.
	and Shalaev, V. M.
	and Narimanov, E. E.
	and Stout, S.
	and Herz, E.
	and Suteewong, T.
	and Wiesner, U.},
	title={Demonstration of a spaser-based nanolaser},
	journal={Nature},
	year={2009},
	month={Aug},
	day={16},
	publisher={Macmillan Publishers Limited. All rights reserved SN  -},
	volume={460},
	pages={1110 EP  -},
	doi={10.1038/nature08318}
}

@article{Stockman2018,
	doi = {10.1088/2040-8986/aaa114},
	url = {https://doi.org/10.1088%2F2040-8986%2Faaa114},
	year = 2018,
	month = {mar},
	publisher = {{IOP} Publishing},
	volume = {20},
	number = {4},
	pages = {043001},
	author = {Mark I Stockman and Katrin Kneipp and Sergey I Bozhevolnyi and Soham Saha and Aveek Dutta and Justus Ndukaife and Nathaniel Kinsey and Harsha Reddy and Urcan Guler and Vladimir M Shalaev and Alexandra Boltasseva and Behrad Gholipour and Harish N S Krishnamoorthy and Kevin F MacDonald and Cesare Soci and Nikolay I Zheludev and Vassili Savinov and Ranjan Singh and Petra Gro{\ss} and Christoph Lienau and Michal Vadai and Michelle L Solomon and David R Barton and Mark Lawrence and Jennifer A Dionne and Svetlana V Boriskina and Ruben Esteban and Javier Aizpurua and Xiang Zhang and Sui Yang and Danqing Wang and Weijia Wang and Teri W Odom and Nicol{\`{o}} Accanto and Pablo M de Roque and Ion M Hancu and Lukasz Piatkowski and Niek F van Hulst and Matthias F Kling},
	title = {Roadmap on plasmonics},
	journal = {Journal of Optics}
}

@article{PhysRevB.91.035306,
	title = {Numerically exact solution of the many emitter--cavity laser problem: Application to the fully quantized spaser emission},
	author = {Richter, Marten and Gegg, Michael and Theuerholz, T. Sverre and Knorr, Andreas},
	journal = {Phys. Rev. B},
	volume = {91},
	issue = {3},
	pages = {035306},
	numpages = {6},
	year = {2015},
	month = {Jan},
	publisher = {American Physical Society},
	doi = {10.1103/PhysRevB.91.035306},
	url = {https://link.aps.org/doi/10.1103/PhysRevB.91.035306}
}

@article{PhysRevB.82.075427,
	title = {Quantum emitters coupled to surface plasmons of a nanowire: A Green's function approach},
	author = {Dzsotjan, David and S\o{}rensen, Anders S. and Fleischhauer, Michael},
	journal = {Phys. Rev. B},
	volume = {82},
	issue = {7},
	pages = {075427},
	numpages = {13},
	year = {2010},
	month = {Aug},
	publisher = {American Physical Society},
	doi = {10.1103/PhysRevB.82.075427},
	url = {https://link.aps.org/doi/10.1103/PhysRevB.82.075427}
}

@article{Hofmann:18,
	author = {Clarissa L. M. Hofmann and Emil H. Eriksen and Stefan Fischer and Bryce S. Richards and Peter Balling and Jan Christoph Goldschmidt},
	journal = {Opt. Express},
	keywords = {Rare-earth-doped materials; Upconversion; Bragg reflectors; Thin films; Luminescence; Photonic crystals ; Subwavelength structures, nanostructures ; Thin film devices and applications ; Chemical vapor deposition; Effective refractive index; Electric fields; Energy transfer; Refractive index; Spontaneous emission},
	number = {6},
	pages = {7537--7554},
	publisher = {OSA},
	title = {Enhanced upconversion in one-dimensional photonic crystals: a simulation-based assessment within realistic material and fabrication constraints},
	volume = {26},
	month = {Mar},
	year = {2018},
	url = {http://www.opticsexpress.org/abstract.cfm?URI=oe-26-6-7537},
	doi = {10.1364/OE.26.007537}
}

@Article{Pelton2015,
	author={Pelton, Matthew},
	title={Modified spontaneous emission in nanophotonic structures},
	journal={Nature Photonics},
	year={2015},
	month={Jun},
	day={30},
	publisher={Nature Publishing Group, a division of Macmillan Publishers Limited. All Rights Reserved. SN  -},
	volume={9},
	pages={427 EP  -},
	note={Review Article},
	url={https://doi.org/10.1038/nphoton.2015.103},
	doi=10.1038/nphoton.2015.103
}

@article{Koenderink:05,
	author = {A. Femius Koenderink and Maria Kafesaki and Costas M. Soukoulis and Vahid Sandoghdar},
	journal = {Opt. Lett.},
	keywords = {Materials; Scanning microscopy; Quantum electrodynamics; Electric fields; Emission; Photonic bandgap materials; Photonic crystals; Spontaneous emission; Surface dynamics},
	number = {23},
	pages = {3210--3212},
	publisher = {OSA},
	title = {Spontaneous emission in the near field of two-dimensional photonic crystals},
	volume = {30},
	month = {Dec},
	year = {2005},
	url = {http://ol.osa.org/abstract.cfm?URI=ol-30-23-3210},
	doi = {10.1364/OL.30.003210}
}



@ARTICLE{Hashemi2019,
	AUTHOR  = {Hashemi, Ali Reza and Hosseini-Farzad, Mahmood},
	TITLE   = {Innovative statistical method for simulating spontaneous emitters},
	YEAR    = {2019},
	archivePrefix = {arXiv},
	eprint = {1907.09952},
	primaryClass = {physics.comp-ph},
}

@article{Hong_2015,
	doi = {10.1088/2040-8978/17/10/105401},
	url = {https://doi.org/10.1088%2F2040-8978%2F17%2F10%2F105401},
	year = 2015,
	month = {aug},
	publisher = {{IOP} Publishing},
	volume = {17},
	number = {10},
	pages = {105401},
	author = {Suc-Kyoung Hong and Seog Woo Nam and Hyung Jin Yang},
	title = {Cooperative spontaneous emission of nano-emitters with inter-emitter coupling in a leaky microcavity},
	journal = {Journal of Optics}
}

@article{PhysRevA.4.1791,
	title = {Master-Equation Approach to Spontaneous Emission. III. Many-Body Aspects of Emission from Two-Level Atoms and the Effect of Inhomogeneous Broadening},
	author = {Agarwal, G. S.},
	journal = {Phys. Rev. A},
	volume = {4},
	issue = {5},
	pages = {1791--1801},
	numpages = {0},
	year = {1971},
	month = {Nov},
	publisher = {American Physical Society},
	doi = {10.1103/PhysRevA.4.1791},
	url = {https://link.aps.org/doi/10.1103/PhysRevA.4.1791}
}

@article{li2012aluminum,
	title={Aluminum oxide nanostructure-based substrates for fluorescence enhancement},
	author={Li, Xiang and He, Yuan and Zhang, Tianhua and Que, Long},
	journal={Optics express},
	volume={20},
	number={19},
	pages={21272--21277},
	year={2012},
	publisher={Optical Society of America}
}

@article{kashiwa1990treatment,
	author = {Kashiwa, Tatsuya and Fukai, Ichiro},
	title = {A treatment by the {FD}-{TD} method of the dispersive characteristics associated with electronic polarization},
	journal = {Microwave and Optical Technology Letters},
	volume = {3},
	number = {6},
	pages = {203-205},
	keywords = {Numerical method, finite-difference-time-domain (FD-TD) method, dispersive media, electronic polarization},
	doi = {10.1002/mop.4650030606},	
	year = {1990}
}

@article{PhysRevLett.97.017402,
	title = {Enhancement of Single-Molecule Fluorescence Using a Gold Nanoparticle as an Optical Nanoantenna},
	author = {K\"uhn, Sergei and H\aa{}kanson, Ulf and Rogobete, Lavinia and Sandoghdar, Vahid},
	journal = {Phys. Rev. Lett.},
	volume = {97},
	issue = {1},
	pages = {017402},
	numpages = {4},
	year = {2006},
	month = {Jul},
	publisher = {American Physical Society},
	doi = {10.1103/PhysRevLett.97.017402},
	url = {https://link.aps.org/doi/10.1103/PhysRevLett.97.017402}
}

@Article{Xiong2019,
	author={Xiong, Hanqing
	and Shi, Lixue
	and Wei, Lu
	and Shen, Yihui
	and Long, Rong
	and Zhao, Zhilun
	and Min, Wei},
	title={Stimulated Raman excited fluorescence spectroscopy and imaging},
	journal={Nature Photonics},
	year={2019},
	volume={13},
	number={6},
	pages={412-417},
	issn={1749-4893},
	doi={10.1038/s41566-019-0396-4},
	url={https://doi.org/10.1038/s41566-019-0396-4}
}

@article{PhysRevE.101.013308,
title = {Developing a time-domain method for simulating statistical behavior of many-emitter systems in the presence of electromagnetic field},
author = {Hashemi, A. R. and Hosseini-Farzad, M.},
journal = {Phys. Rev. E},
volume = {101},
issue = {1},
pages = {013308},
numpages = {11},
year = {2020},
month = {Jan},
publisher = {American Physical Society},
doi = {10.1103/PhysRevE.101.013308}
}

@article{Chang:04,
	author = {Shih-Hui Chang and Allen Taflove},
	journal = {Opt. Express},
	keywords = {Lasers and laser optics; Nonlinear optics; Quantum optics; Bragg reflectors; Electric fields; Fast Fourier transforms; Photonic crystals; Quantum optics; Spontaneous emission},
	number = {16},
	pages = {3827--3833},
	publisher = {OSA},
	title = {Finite-difference time-domain model of lasing action in a four-level two-electron atomic system},
	volume = {12},
	month = {Aug},
	year = {2004},
	url = {http://www.opticsexpress.org/abstract.cfm?URI=oe-12-16-3827},
	doi = {10.1364/OPEX.12.003827},
}

@ARTICLE{7769917,
	author={S. C. {Hagness} and R. M. {Joseph} and A. {Taflove}},
	journal={Radio Science},
	title={Subpicosecond electrodynamics of distributed Bragg reflector microlasers: Results from finite difference time domain simulations},
	year={1996},
	volume={31},
	number={4},
	pages={931-941},
	keywords={Computational modeling;Finite difference methods;Electrodynamics;Algorithm design and analysis;Cavity resonators;Electric fields;Laser modes},
	doi={10.1029/96RS00436},
	ISSN={1944-799X},
	month={July},}

@article{PhysRevLett.95.013904,
	title = {Controlling the Spontaneous Emission Rate of Single Quantum Dots in a Two-Dimensional Photonic Crystal},
	author = {Englund, Dirk and Fattal, David and Waks, Edo and Solomon, Glenn and Zhang, Bingyang and Nakaoka, Toshihiro and Arakawa, Yasuhiko and Yamamoto, Yoshihisa and Vu\ifmmode \check{c}\else \v{c}\fi{}kovi\ifmmode \acute{c}\else \'{c}\fi{}, Jelena},
	journal = {Phys. Rev. Lett.},
	volume = {95},
	issue = {1},
	pages = {013904},
	numpages = {4},
	year = {2005},
	month = {Jul},
	publisher = {American Physical Society},
	doi = {10.1103/PhysRevLett.95.013904},
	url = {https://link.aps.org/doi/10.1103/PhysRevLett.95.013904}
}

@article{PhysRevLett.89.117401,
	title = {Surface-Enhanced Emission from Single Semiconductor Nanocrystals},
	author = {Shimizu, K. T. and Woo, W. K. and Fisher, B. R. and Eisler, H. J. and Bawendi, M. G.},
	journal = {Phys. Rev. Lett.},
	volume = {89},
	issue = {11},
	pages = {117401},
	numpages = {4},
	year = {2002},
	month = {Aug},
	publisher = {American Physical Society},
	doi = {10.1103/PhysRevLett.89.117401},
	url = {https://link.aps.org/doi/10.1103/PhysRevLett.89.117401}
}

@article{doi:10.1021/acs.nanolett.7b05075,
	author = {Zhang, Jingyuan Linda and Sun, Shuo and Burek, Michael J. and Dory, Constantin and Tzeng, Yan-Kai and Fischer, Kevin A. and Kelaita, Yousif and Lagoudakis, Konstantinos G. and Radulaski, Marina and Shen, Zhi-Xun and Melosh, Nicholas A. and Chu, Steven and Lončar, Marko and Vučković, Jelena},
	title = {Strongly Cavity-Enhanced Spontaneous Emission from Silicon-Vacancy Centers in Diamond},
	journal = {Nano Lett.},
	volume = {18},
	number = {2},
	pages = {1360-1365},
	year = {2018},
	doi = {10.1021/acs.nanolett.7b05075}	
}

@book{geddes2005radiative,
	title={Radiative Decay Engineering},
	author={Geddes, C.D. and Lakowicz, J.R.},
	isbn={9780387226620},
	lccn={91032671},
	series={Topics in Fluorescence Spectroscopy},
	year={2005},
	publisher={Springer US},
	url={http://link.springer.com/978-0-387-27617-5}
}

@article{russell2012large,
	title={Large spontaneous emission enhancement in plasmonic nanocavities},
	author={Russell, Kasey J and Liu, Tsung-Li and Cui, Shanying and Hu, Evelyn L},
	journal={Nature Photonics},
	volume={6},
	number={7},
	pages={459},
	year={2012},
	publisher={Nature Publishing Group},
	doi={10.1038/nphoton.2012.112}
}

@article{PhysRevA.45.4879,
	title = {Monte Carlo simulation of the atomic master equation for spontaneous emission},
	author = {Dum, R. and Zoller, P. and Ritsch, H.},
	journal = {Phys. Rev. A},
	volume = {45},
	issue = {7},
	pages = {4879--4887},
	numpages = {0},
	year = {1992},
	month = {Apr},
	publisher = {American Physical Society},
	doi = {10.1103/PhysRevA.45.4879},
	url = {https://link.aps.org/doi/10.1103/PhysRevA.45.4879}
}

@article{Witthaut_2010,
	doi = {10.1088/1367-2630/12/4/043052},
	url = {https://doi.org/10.1088%2F1367-2630%2F12%2F4%2F043052},
	year = 2010,
	month = {apr},
	publisher = {{IOP} Publishing},
	volume = {12},
	number = {4},
	pages = {043052},
	author = {D Witthaut and A S S{\o}rensen},
	title = {Photon scattering by a three-level emitter in a one-dimensional waveguide},
	journal = {New Journal of Physics},
	abstract = {We discuss the scattering of photons from a three-level emitter in a one-dimensional waveguide, where the transport is governed by the interference of spontaneously emitted and directly transmitted waves. The scattering problem is solved in closed form for different level structures. Several possible applications are discussed: the state of the emitter can be switched deterministically by Raman scattering, thus enabling applications in quantum computing such as a single-photon transistor. An array of emitters gives rise to a photonic band gap structure, which can be tuned by a classical driving laser. A disordered array leads to Anderson localization of photons, where the localization length can again be controlled by an external driving.}
}

@article{PhysRevLett.106.053601,
	title = {Two-Photon Scattering by a Driven Three-Level Emitter in a One-Dimensional Waveguide and Electromagnetically Induced Transparency},
	author = {Roy, Dibyendu},
	journal = {Phys. Rev. Lett.},
	volume = {106},
	issue = {5},
	pages = {053601},
	numpages = {4},
	year = {2011},
	month = {Feb},
	publisher = {American Physical Society},
	doi = {10.1103/PhysRevLett.106.053601},
	url = {https://link.aps.org/doi/10.1103/PhysRevLett.106.053601}
}


@article{doi:10.1021/jp1043392,
	author = {Chen, Hanning and McMahon, Jeffrey M. and Ratner, Mark A. and Schatz, George C.},
	title = {Classical Electrodynamics Coupled to Quantum Mechanics for Calculation of Molecular Optical Properties: a {RT}-{TDDFT}/{FDTD} Approach},
	journal = {The Journal of Physical Chemistry C},
	volume = {114},
	number = {34},
	pages = {14384-14392},
	year = {2010},
	doi = {10.1021/jp1043392},
	
	URL = { 
	https://doi.org/10.1021/jp1043392
	
	},
	eprint = { 
	https://doi.org/10.1021/jp1043392
	
	}
	
}

@article{PhysRevLett.95.013904,
	title = {Controlling the Spontaneous Emission Rate of Single Quantum Dots in a Two-Dimensional Photonic Crystal},
	author = {Englund, Dirk and Fattal, David and Waks, Edo and Solomon, Glenn and Zhang, Bingyang and Nakaoka, Toshihiro and Arakawa, Yasuhiko and Yamamoto, Yoshihisa and Vu\ifmmode \check{c}\else \v{c}\fi{}kovi\ifmmode \acute{c}\else \'{c}\fi{}, Jelena},
	journal = {Phys. Rev. Lett.},
	volume = {95},
	issue = {1},
	pages = {013904},
	numpages = {4},
	year = {2005},
	month = {Jul},
	publisher = {American Physical Society},
	doi = {10.1103/PhysRevLett.95.013904},
	url = {https://link.aps.org/doi/10.1103/PhysRevLett.95.013904}
}

@article{10027784586,
	author="PURCELL, E. M.",
	title="Spontaneous emission probabilities at radio frequencies",
	journal="Phys. Rev.",
	ISSN="",
	publisher="",
	year="1946",
	month="",
	volume="69",
	number="",
	pages="681"
}

@Article{FriskKockum2019,
	author={Frisk Kockum, Anton
	and Miranowicz, Adam
	and De Liberato, Simone
	and Savasta, Salvatore
	and Nori, Franco},
	title={Ultrastrong coupling between light and matter},
	journal={Nature Reviews Physics},
	year={2019},
	volume={1},
	number={1},
	pages={19-40},
	abstract={Light-matter coupling with strength comparable to the bare transition frequencies of the system is called ultrastrong. This Review surveys how experiments have realized ultrastrong coupling in the past decade, the new phenomena predicted in this regime and the applications it enables.},
	issn={2522-5820},
	doi={10.1038/s42254-018-0006-2},
	url={https://doi.org/10.1038/s42254-018-0006-2}
}

@article{RevModPhys.87.347,
	title = {Interfacing single photons and single quantum dots with photonic nanostructures},
	author = {Lodahl, Peter and Mahmoodian, Sahand and Stobbe, S\o{}ren},
	journal = {Rev. Mod. Phys.},
	volume = {87},
	issue = {2},
	pages = {347--400},
	numpages = {54},
	year = {2015},
	month = {May},
	publisher = {American Physical Society},
	doi = {10.1103/RevModPhys.87.347},
	url = {https://link.aps.org/doi/10.1103/RevModPhys.87.347}
}

@article{javadi2018numerical,
	author = {Alisa Javadi and Sahand Mahmoodian and Immo S\"{o}llner and Peter Lodahl},
	journal = {J. Opt. Soc. Am. B},
	keywords = {Atomic and molecular physics; Quantum electrodynamics; Nanophotonics and photonic crystals ; Photonic crystal waveguides ; Photonic crystals ; Electric fields; Light matter interactions; Photonic crystal waveguides; Photonic crystals; Spontaneous emission; Waveguide modes},
	number = {3},
	pages = {514--522},
	publisher = {OSA},
	title = {Numerical modeling of the coupling efficiency of single quantum emitters in photonic-crystal waveguides},
	volume = {35},
	month = {Mar},
	year = {2018},
	doi = {10.1364/JOSAB.35.000514}
}

@Article{Hoang2015,
	author={Hoang, Thang B.
	and Akselrod, Gleb M.
	and Argyropoulos, Christos
	and Huang, Jiani
	and Smith, David R.
	and Mikkelsen, Maiken H.},
	title={Ultrafast spontaneous emission source using plasmonic nanoantennas},
	journal={Nature Communications},
	year={2015},
	month={Jul},
	day={27},
	publisher={The Author(s) SN  -},
	volume={6},
	pages={7788 EP  -},
	note={Article},
	url={https://doi.org/10.1038/ncomms8788}
}

@article{cao2000transition,
	title = {Transition from amplified spontaneous emission to laser action in strongly scattering media},
	author = {Cao, H. and Xu, J. Y. and Chang, S.-H. and Ho, S. T.},
	journal = {Phys. Rev. E},
	volume = {61},
	issue = {2},
	pages = {1985--1989},
	numpages = {0},
	year = {2000},
	month = {Feb},
	publisher = {American Physical Society},
	doi = {10.1103/PhysRevE.61.1985}
}

@article{collins1997porous,
	title={Porous silicon: from luminescence to LEDs},
	author={Collins, Reuben T and Fauchet, Philippe and Tischler, Michael A},
	journal={Physics Today},
	volume={50},
	pages={24--31},
	year={1997}
}

@article{shi2010optical,
	title={Optical response of a flat metallic surface coated with a monolayer array of latex spheres},
	author={Shi, Lei and Liu, Xiaohan and Yin, Haiwei and Zi, Jian},
	journal={Physics Letters A},
	volume={374},
	number={8},
	pages={1059--1062},
	year={2010},
	publisher={Elsevier}
}

@article{li2012aluminum,
	title={Aluminum oxide nanostructure-based substrates for fluorescence enhancement},
	author={Li, Xiang and He, Yuan and Zhang, Tianhua and Que, Long},
	journal={Optics express},
	volume={20},
	number={19},
	pages={21272--21277},
	year={2012},
	publisher={Optical Society of America}
}

@article{Lee:18,
	author = {Seung Yup Lee and Mary-Ann Mycek},
	journal = {Opt. Lett.},
	keywords = {Spectroscopy, fluorescence and luminescence; Spectroscopy, tissue diagnostics; Turbid media; Absorption coefficient; Diode lasers; Fluorescence spectroscopy; Geometric optical design; Time resolved spectroscopy; Total internal reflection},
	number = {16},
	pages = {3846--3849},
	publisher = {OSA},
	title = {Hybrid Monte Carlo simulation with ray tracing for fluorescence measurements in turbid media},
	volume = {43},
	month = {Aug},
	year = {2018},
	url = {http://ol.osa.org/abstract.cfm?URI=ol-43-16-3846},
	doi = {10.1364/OL.43.003846},
	abstract = {We present a hybrid Monte Carlo simulation method with geometrical ray tracing (hMC-GRT) to model fluorescence excitation and detection in turbid media by optical imaging or spectroscopy systems employing a variety of optical components. hMC-GRT computational verification was achieved via reflectance and fluorescence simulations on epithelial tissue models in comparison with a standard Monte Carlo code. The mean difference between the two simulations was less than 5\%. hMC-GRT experimental verification employed depth-sensitive steady-state fluorescence measurements using an aspherical lens on two-layered tissue phantoms. hMC-GRT predictions agreed well with experimental results, achieving less than 3.5\% error for measurements at the phantom surface. Verification results demonstrate that the hMC-GRT simulation has the potential to become a useful computational toolbox for designing tissue fluorescence imaging and spectroscopy systems. In addition, the hMC-GRT approach enables a wide variety of applications for computational modeling of fluorescence in turbid media. The source codes are available at https://github.com/ubioptronics/hMC-GRT.},
}


@article{Shcheslavskiy:18,
	author = {Vladislav I. Shcheslavskiy and Marina V. Shirmanova and Varvara V. Dudenkova and Konstantin A. Lukyanov and Alena I. Gavrina and Anastasia V. Shumilova and Elena Zagaynova and Wolfgang Becker},
	journal = {Opt. Lett.},
	keywords = {Medical optics and biotechnology; Biology; Lifetime-based sensing; Spectroscopy, fluorescence and luminescence; Spectroscopy, tissue diagnostics; Diode lasers; Fluorescence resonance energy transfer; High power lasers; Imaging techniques; Light sheet microscopy; Three dimensional imaging},
	number = {13},
	pages = {3152--3155},
	publisher = {OSA},
	title = {Fluorescence time-resolved macroimaging},
	volume = {43},
	month = {Jul},
	year = {2018},
	url = {http://ol.osa.org/abstract.cfm?URI=ol-43-13-3152},
	doi = {10.1364/OL.43.003152},
	abstract = {While laser scanning fluorescence lifetime imaging (FLIM) is a powerful approach for cell biology, its small field of view (typically less than 1\&\#x00A0;mm) makes it impractical for the imaging of large biological samples that is often required for biomedical applications. Here we present a system that allows performing FLIM on macroscopic samples as large as 18\&\#x00A0;mm with a lateral resolution of 15\&\#x00A0;\&\#x03BC;m. The performance of the system is verified with FLIM of endogenous metabolic cofactor reduced nicotinamide adenine dinucleotide (phosphate), NAD(P)H, and genetically encoded fluorescent protein mKate2 in a mouse tumor in vivo.},
}

@article{Bradford:14,
	author = {Matthew Bradford and Jung-Tsung Shen},
	journal = {Opt. Lett.},
	keywords = {Multiphoton processes; Photon statistics; Coherent states; Electric fields; Photon correlations; Photons; Resonance fluorescence; Spontaneous emission},
	number = {19},
	pages = {5558--5561},
	publisher = {OSA},
	title = {Numerical approach to statistical properties of resonance fluorescence},
	volume = {39},
	month = {Oct},
	year = {2014},
	url = {http://ol.osa.org/abstract.cfm?URI=ol-39-19-5558},
	doi = {10.1364/OL.39.005558},
	abstract = {We formulate a numerical scheme to investigate the correlation of photons scattered by a two-level atom coupled to a waveguide, and compute the second-order correlation function. We also show that a three-dimensional resonance fluorescence experiment can be mapped into the one-dimensional situation studied here. The correlation functions for both cases show excellent agreement.},
}


@article{Mukherjee:12,
	author = {Ishita Mukherjee and Reuven Gordon},
	journal = {Opt. Express},
	keywords = {Numerical approximation and analysis; Photonic crystals ; Plasmonics; Field enhancement; Finite difference time domain; Local field effects; Numerical simulation; Photonic crystal cavities; Photonic crystals},
	number = {15},
	pages = {16992--17000},
	publisher = {OSA},
	title = {Analysis of hybrid plasmonic-photonic crystal structures using perturbation theory},
	volume = {20},
	month = {Jul},
	year = {2012},
	url = {http://www.opticsexpress.org/abstract.cfm?URI=oe-20-15-16992},
	doi = {10.1364/OE.20.016992},
	abstract = {A perturbation theory approach for the analysis of hybrid plasmonic- photonic crystal structures is presented. This theory allows for accurate calculation of the resonance frequency shift and quality factor change when introducing a resonant plasmonic structure into a photonic crystal microcavity. An example calculation is shown, agreeing to within 5\% with comprehensive finite difference time domain simulations but taking an order of magnitude less time. This theoretical approach overcomes the challenge of poor scaling in computations with hybrid plasmonic-photonic crystal structures, allowing for rapid design optimization in such hybrid geometries.},
}

@article{tan2011building,
	title={Building plasmonic nanostructures with DNA},
	author={Tan, Shawn J and Campolongo, Michael J and Luo, Dan and Cheng, Wenlong},
	journal={Nature nanotechnology},
	volume={6},
	number={5},
	pages={268},
	year={2011},
	publisher={Nature Publishing Group}
}

@article{sani2018anderson,
	title={Anderson localization of surface plasmons in monolayer graphene},
	author={Sani, Milad and Farzad, M Hosseini},
	journal={Physical Review B},
	volume={97},
	number={8},
	pages={085406},
	year={2018},
	publisher={APS}
}


@article{PhysRevLett.67.2601,
	title = {Numerical method for the propagation of quantum-mechanical wave functions in phase space},
	author = {Torres-Vega, Go. and Frederick, John H.},
	journal = {Phys. Rev. Lett.},
	volume = {67},
	issue = {19},
	pages = {2601--2604},
	numpages = {0},
	year = {1991},
	month = {Nov},
	publisher = {American Physical Society},
	doi = {10.1103/PhysRevLett.67.2601},
	url = {https://link.aps.org/doi/10.1103/PhysRevLett.67.2601}
}

@article{PhysRevLett.65.137,
	title = {New numerical method to study phase transitions},
	author = {Lee, Jooyoung and Kosterlitz, J. M.},
	journal = {Phys. Rev. Lett.},
	volume = {65},
	issue = {2},
	pages = {137--140},
	numpages = {0},
	year = {1990},
	month = {Jul},
	publisher = {American Physical Society},
	doi = {10.1103/PhysRevLett.65.137},
	url = {https://link.aps.org/doi/10.1103/PhysRevLett.65.137}
}

@article{PhysRevX.6.011011,
	title = {Immense Magnetic Response of Exciplex Light Emission due to Correlated Spin-Charge Dynamics},
	author = {Wang, Yifei and Sahin-Tiras, Kevser and Harmon, Nicholas J. and Wohlgenannt, Markus and Flatt\'e, Michael E.},
	journal = {Phys. Rev. X},
	volume = {6},
	issue = {1},
	pages = {011011},
	numpages = {12},
	year = {2016},
	month = {Feb},
	publisher = {American Physical Society},
	doi = {10.1103/PhysRevX.6.011011},
	url = {https://link.aps.org/doi/10.1103/PhysRevX.6.011011}
}

@article{PhysRevA.97.042501,
	title = {Theoretical and experimental determination of $K$- and $L$-shell x-ray relaxation parameters in Ni},
	author = {Guerra, M. and Sampaio, J. M. and Parente, F. and Indelicato, P. and H\"onicke, P. and M\"uller, M. and Beckhoff, B. and Marques, J. P. and Santos, J. P.},
	journal = {Phys. Rev. A},
	volume = {97},
	issue = {4},
	pages = {042501},
	numpages = {10},
	year = {2018},
	month = {Apr},
	publisher = {American Physical Society},
	doi = {10.1103/PhysRevA.97.042501},
	url = {https://link.aps.org/doi/10.1103/PhysRevA.97.042501}
}

@article{martienssen1964coherence,
	author = {Martienssen,W.  and Spiller,E. },
	title = {Coherence and Fluctuations in Light Beams},
	journal = {American Journal of Physics},
	volume = {32},
	number = {12},
	pages = {919-926},
	year = {1964},
	doi = {10.1119/1.1970023}
}

@article{PhysRevLett.66.2689,
	title = {Young's double-slit experiment with atoms: A simple atom interferometer},
	author = {Carnal, O. and Mlynek, J.},
	journal = {Phys. Rev. Lett.},
	volume = {66},
	issue = {21},
	pages = {2689--2692},
	numpages = {0},
	year = {1991},
	month = {May},
	publisher = {American Physical Society},
	doi = {10.1103/PhysRevLett.66.2689}
}


@manual{supplemental,
	title  = "See Supplemental Material at [URL will be inserted by publisher] for a detailed description of the proposed numerical method including a flowchart of the implemented algorithm.",
	url    = "https://journals.aps.org/prl/supplemental/..."	
}

@book{goodman2015statistical,
	title={Statistical optics},
	author={Goodman, Joseph W},
	year={2015},
	publisher={John Wiley \& Sons}
}

@article{kretschmann1968radiative,
	title={Radiative decay of non radiative surface plasmons excited by light},
	author={Kretschmann, Erwin and Raether, Heinz},
	journal={Zeitschrift f{\"u}r Naturforschung A},
	volume={23},
	number={12},
	pages={2135--2136},
	year={1968}
}

@article{roden2000convolutional,
author = {Roden, J. Alan and Gedney, Stephen D.},
title = {Convolution {PML} ({CPML}): An efficient {FDTD} implementation of the {CFS}-{PML} for arbitrary media},
journal = {Microwave and Optical Technology Letters},
volume = {27},
number = {5},
pages = {334-339},
keywords = {finite-difference time domain (FDTD), perfectly matched layer (PML), stretched coordinates},
doi = {10.1002/1098-2760(20001205)27:5<334::AID-MOP14>3.0.CO;2-A},
year = {2000}
}

@article{berenger2002application,
	author={J. -. {Berenger}},
	journal={IEEE Microwave and Wireless Components Letters},
	title={Application of the {CFS} {PML} to the absorption of evanescent waves in waveguides},
	year={2002},
	volume={12},
	number={6},
	pages={218-220},
	doi={10.1109/LMWC.2002.1010000},
	ISSN={1531-1309},
	month={June}
}

@article{jablonski1933efficiency,
	title={Efficiency of anti-Stokes fluorescence in dyes},
	author={Jablonski, Aleksander},
	journal={Nature},
	volume={131},
	number={839-840},
	pages={21},
	year={1933},
	doi={10.1038/131839b0}
}

@book{taflove2005computational,
	title={Computational electrodynamics: the finite-difference time-domain method},
	author={Taflove, Allen and Hagness, Susan C},
	year={2005},
	publisher={Artech house}
}

@book{taflove2013advances,
	title={Advances in {FDTD} computational electrodynamics: photonics and nanotechnology},
	author={Taflove, Allen and Oskooi, Ardavan and Johnson, Steven G},
	year={2013},
	publisher={Artech House}
}

@article{ribeiro2017artefact,
	title={Artefact-free Evaluation of Metal Enhanced Fluorescence in Silica Coated Gold Nanoparticles},
	author={Ribeiro, T{\^a}nia and Baleiz{\~a}o, Carlos and Farinha, Jos{\'e} Paulo S},
	journal={Scientific Reports},
	volume={7},
	year={2017},
	publisher={Nature Publishing Group},
	doi={10.1038/s41598-017-02678-0}
}

@Article{Selvin2000,
author={Selvin, Paul R.},
title={The renaissance of fluorescence resonance energy transfer},
journal={Nature Structural Biology},
year={2000},
volume={7},
number={9},
pages={730-734},
abstract={Recent advances in fluorescence resonance energy transfer have led to qualitative and quantitative improvements in the technique, including increased spatial resolution, distance range, and sensitivity. These advances, due largely to new fluorescent dyes, but also to new optical methods and instrumentation, have opened up new biological applications.},
issn={1545-9985},
doi={10.1038/78948},
url={https://doi.org/10.1038/78948}
}

@Article{B802918K,
author ="Lakowicz, Joseph R. and Ray, Krishanu and Chowdhury, Mustafa and Szmacinski, Henryk and Fu, Yi and Zhang, Jian and Nowaczyk, Kazimierz",
title  ="Plasmon-controlled fluorescence: a new paradigm in fluorescence spectroscopy",
journal  ="Analyst",
year  ="2008",
volume  ="133",
issue  ="10",
pages  ="1308-1346",
publisher  ="The Royal Society of Chemistry",
doi  ="10.1039/B802918K",
url  ="http://dx.doi.org/10.1039/B802918K"
}


@article{doi:10.1021/jz201392k,
author = {Ming, Tian and Chen, Huanjun and Jiang, Ruibin and Li, Qian and Wang, Jianfang},
title = {Plasmon-Controlled Fluorescence: Beyond the Intensity Enhancement},
journal = {The Journal of Physical Chemistry Letters},
volume = {3},
number = {2},
pages = {191-202},
year = {2012},
doi = {10.1021/jz201392k},

URL = { 
https://doi.org/10.1021/jz201392k

},
eprint = { 
https://doi.org/10.1021/jz201392k

}

}

@article{naiki2012highly,
	title={Highly controlled plasmonic emission enhancement from metal-semiconductor quantum dot complex nanostructures},
	author={Naiki, Hiroyuki and Masuhara, Akito and Masuo, Sadahiro and Onodera, Tsunenobu and Kasai, Hitoshi and Oikawa, Hidetoshi},
	journal={The Journal of Physical Chemistry C},
	volume={117},
	number={6},
	pages={2455--2459},
	year={2012},
	publisher={ACS Publications}
}

@article{zhao2014gold,
	title={Gold nanorod enhanced two-photon excitation fluorescence of photosensitizers for two-photon imaging and photodynamic therapy},
	author={Zhao, Tingting and Yu, Kuai and Li, Lin and Zhang, Taishi and Guan, Zhenping and Gao, Nengyue and Yuan, Peiyan and Li, Shuang and Yao, Shao Qin and Xu, Qing-Hua and others},
	journal={ACS applied materials \& interfaces},
	volume={6},
	number={4},
	pages={2700--2708},
	year={2014},
	publisher={ACS Publications}
}

@article{wang2015plasmon,
	title={Plasmon-Enhanced Fluorescence-Based Core--Shell Gold Nanorods as a Near-IR Fluorescent Turn-On Sensor for the Highly Sensitive Detection of Pyrophosphate in Aqueous Solution},
	author={Wang, Le and Song, Quanwei and Liu, Qiuling and He, Dacheng and Ouyang, Jin},
	journal={Advanced Functional Materials},
	volume={25},
	number={45},
	pages={7017--7027},
	year={2015},
	publisher={Wiley Online Library}
}

@article{anger2006enhancement,
	title={Enhancement and quenching of single-molecule fluorescence},
	author={Anger, Pascal and Bharadwaj, Palash and Novotny, Lukas},
	journal={Phys. Rev. Lett.},
	volume={96},
	number={11},
	pages={113002},
	year={2006},
	publisher={APS}
}

@article{pons2007quenching,
	title={On the quenching of semiconductor quantum dot photoluminescence by proximal gold nanoparticles},
	author={Pons, Thomas and Medintz, Igor L and Sapsford, Kim E and Higashiya, Seiichiro and Grimes, Amy F and English, Doug S and Mattoussi, Hedi},
	journal={Nano letters},
	volume={7},
	number={10},
	pages={3157--3164},
	year={2007},
	publisher={ACS Publications}
}

@article{li2009fluorescence,
	title={Fluorescence quenching of quantum dots by gold nanorods and its application to DNA detection},
	author={Li, Xin and Qian, Jun and Jiang, Li and He, Sailing},
	journal={Applied Physics Letters},
	volume={94},
	number={6},
	pages={063111},
	year={2009},
	publisher={AIP}
}

@article{reineck2013distance,
	title={Distance and wavelength dependent quenching of molecular fluorescence by Au@ SiO2 core--shell nanoparticles},
	author={Reineck, Philipp and G{\'o}mez, Daniel and Ng, Soon Hock and Karg, Matthias and Bell, Toby and Mulvaney, Paul and Bach, Udo},
	journal={ACS nano},
	volume={7},
	number={8},
	pages={6636--6648},
	year={2013},
	publisher={ACS Publications}
}

@article{chae2016metal,
	title={Metal-induced fluorescence properties of three-dimensionally ordered macroporous silver inverse opal platforms},
	author={Chae, Weon-Sik and Lee, Myung-Jin and Kim, Kisun and Hyun, Jerome K and Jeon, Seokwoo},
	journal={Applied Physics Letters},
	volume={108},
	number={7},
	pages={071909},
	year={2016},
	publisher={AIP Publishing}
}

@article{kinkhabwala2009large,
	title={Large single-molecule fluorescence enhancements produced by a bowtie nanoantenna},
	author={Kinkhabwala, Anika and Yu, Zongfu and Fan, Shanhui and Avlasevich, Yuri and M{\"u}llen, Klaus and Moerner, WE},
	journal={Nature Photonics},
	volume={3},
	number={11},
	pages={654--657},
	year={2009},
	publisher={Nature Publishing Group},
	doi={10.1038/nphoton.2009.187}
}

@article{genevet2010large,
	title={Large enhancement of nonlinear optical phenomena by plasmonic nanocavity gratings},
	author={Genevet, Patrice and Tetienne, Jean-Philippe and Gatzogiannis, Evangelos and Blanchard, Romain and Kats, Mikhail A and Scully, Marlan O and Capasso, Federico},
	journal={Nano Lett.},
	volume={10},
	number={12},
	pages={4880--4883},
	year={2010},
	publisher={ACS Publications},
	doi={10.1021/nl102747v}
}

@article{wang2011optical,
	title={Optical antennas integrated with concentric ring gratings: electric field enhancement and directional radiation},
	author={Wang, Dongxing and Yang, Tian and Crozier, Kenneth B},
	journal={Optics express},
	volume={19},
	number={3},
	pages={2148--2157},
	year={2011},
	publisher={Optical Society of America},
	doi={10.1364/OE.19.002148}
}

@article{xie2013nanoscale,
	title={Nanoscale control of Ag nanostructures for plasmonic fluorescence enhancement of near-infrared dyes},
	author={Xie, Fang and Pang, Jing S and Centeno, Anthony and Ryan, Mary P and Riley, D Jason and Alford, Neil M},
	journal={Nano Research},
	volume={6},
	number={7},
	pages={496--510},
	year={2013},
	publisher={Springer}
}

@article{bauch2013collective,
	title={Collective localized surface plasmons for high performance fluorescence biosensing},
	author={Bauch, Martin and Dostalek, Jakub},
	journal={Optics express},
	volume={21},
	number={17},
	pages={20470--20483},
	year={2013},
	publisher={Optical Society of America},
	doi={10.1364/OE.21.020470}
}

@article{schokker2017,
	title={Systematic study of the hybrid plasmonic-photonic band structure underlying lasing action of diffractive plasmon particle lattices},
	author={Schokker, A Hinke and van Riggelen, Floor and Hadad, Yakir and Al{\`u}, Andrea and Koenderink, A Femius},
	journal={Physical Review B},
	volume={95},
	number={8},
	pages={085409},
	year={2017},
	publisher={APS}
}

@article{lozano2013plasmonics,
	title={Plasmonics for solid-state lighting: enhanced excitation and directional emission of highly efficient light sources},
	author={Lozano, Gabriel and Louwers, Davy J and Rodr{\'\i}guez, Said RK and Murai, Shunsuke and Jansen, Olaf TA and Verschuuren, Marc A and Rivas, Jaime G{\'o}mez},
	journal={Light: Science \& Applications},
	volume={2},
	number={5},
	pages={e66},
	year={2013},
	publisher={Nature Publishing Group}
}

@article{langguth2013plasmonic,
	title={Plasmonic band structure controls single-molecule fluorescence},
	author={Langguth, Lutz and Punj, Deep and Wenger, Jerome and Koenderink, A Femius},
	journal={ACS nano},
	volume={7},
	number={10},
	pages={8840--8848},
	year={2013},
	publisher={ACS Publications}
}

@article{moerland2013shaping,
	title={Shaping single emitter emission with metallic hole arrays: strong focusing of dipolar radiation},
	author={Moerland, Robert J and Eguiluz, Lur and Kaivola, Matti},
	journal={Optics express},
	volume={21},
	number={4},
	pages={4578--4590},
	year={2013},
	publisher={Optical Society of America}
}

@article{aouani2011plasmonic,
	title={Plasmonic antennas for directional sorting of fluorescence emission},
	author={Aouani, Heykel and Mahboub, Oussama and Devaux, Elo{\"\i}se and Rigneault, Herv{\'e} and Ebbesen, Thomas W and Wenger, J{\'e}r{\^o}me},
	journal={Nano Lett.},
	volume={11},
	number={6},
	pages={2400--2406},
	year={2011},
	publisher={ACS Publications},
	doi={10.1021/nl200772d}
}

@article{ding2013spectral,
	title={Spectral and Directional Reshaping of Fluorescence in Large Area Self-Assembled Plasmonic--Photonic Crystals},
	author={Ding, Boyang and Hrelescu, Calin and Arnold, Nikita and Isic, Goran and Klar, Thomas A},
	journal={Nano letters},
	volume={13},
	number={2},
	pages={378--386},
	year={2013},
	publisher={ACS Publications}
}

@article{kwon2008surface,
	title={Surface-plasmon-enhanced light-emitting diodes},
	author={Kwon, Min-Ki and Kim, Ja-Yeon and Kim, Baek-Hyun and Park, Il-Kyu and Cho, Chu-Young and Byeon, Clare Chisu and Park, Seong-Ju},
	journal={Advanced Materials},
	volume={20},
	number={7},
	pages={1253--1257},
	year={2008},
	publisher={Wiley Online Library}
}

@article{zhu2012broadband,
	title={Broadband enhancement of spontaneous emission in a photonic-plasmonic structure},
	author={Zhu, Xiaolong and Xie, Fengxian and Shi, Lei and Liu, Xiaohan and Mortensen, N Asger and Xiao, Sanshui and Zi, Jian and Choy, Wallace},
	journal={Optics letters},
	volume={37},
	number={11},
	pages={2037--2039},
	year={2012},
	publisher={Optical Society of America}
}

@article{fort2007surface,
	title={Surface enhanced fluorescence},
	author={Fort, Emmanuel and Gr{\'e}sillon, Samuel},
	journal={Journal of Physics D: Applied Physics},
	volume={41},
	number={1},
	pages={013001},
	year={2007},
	publisher={IOP Publishing}
}

@article{rodriguez2011frequency,
	title={Frequency-selective near-field radiative heat transfer between photonic crystal slabs: a computational approach for arbitrary geometries and materials},
	author={Rodriguez, Alejandro W and Ilic, Ognjen and Bermel, Peter and Celanovic, Ivan and Joannopoulos, John D and Solja{\v{c}}i{\'c}, Marin and Johnson, Steven G},
	journal={Physical review letters},
	volume={107},
	number={11},
	pages={114302},
	year={2011},
	publisher={APS}
}

@article{chen2013super,
	title={Super-resolution differential interference contrast microscopy by structured illumination},
	author={Chen, Jianling and Xu, Yan and Lv, Xiaohua and Lai, Xiaomin and Zeng, Shaoqun},
	journal={Optics Express},
	volume={21},
	number={1},
	pages={112--121},
	year={2013},
	publisher={Optical Society of America}
}

@article{de2012conversion,
	title={Conversion of broadband to narrowband thermal emission through energy recycling},
	author={De Zoysa, Menaka and Asano, Takashi and Mochizuki, Keita and Oskooi, Ardavan and Inoue, Takuya and Noda, Susumu},
	journal={Nature Photonics},
	volume={6},
	number={8},
	pages={535--539},
	year={2012},
	publisher={Nature Research}
}

@article{matsui2013oxide,
	title={Oxide Surface Plasmon Resonance for a New Sensing Platform in the Near-Infrared Range},
	author={Matsui, Hiroaki and Badalawa, Wasanthamala and Ikehata, Akifumi and Tabata, Hitoshi},
	journal={Advanced Optical Materials},
	volume={1},
	number={5},
	pages={397--403},
	year={2013},
	publisher={Wiley Online Library}
}

@article{shi2014spatial,
	title = {Spatial Coherence Properties of Organic Molecules Coupled to Plasmonic Surface Lattice Resonances in the Weak and Strong Coupling Regimes},
	author = {Shi, L. and Hakala, T. K. and Rekola, H. T. and Martikainen, J.-P. and Moerland, R. J. and T\"orm\"a, P.},
	journal = {Phys. Rev. Lett.},
	volume = {112},
	issue = {15},
	pages = {153002},
	numpages = {5},
	year = {2014},
	month = {Apr},
	publisher = {American Physical Society},
	doi = {10.1103/PhysRevLett.112.153002}
}

@article{raghunathan2012,
	title={Correlation singularities in partially coherent electromagnetic beams},
	author={Raghunathan, Shreyas B and Schouten, Hugo F and Visser, Taco D},
	journal={Optics letters},
	volume={37},
	number={20},
	pages={4179--4181},
	year={2012},
	publisher={Optical Society of America}
}

@article{greffet2002,
	title={Coherent emission of light by thermal sources},
	author={Greffet, Jean-Jacques and Carminati, Remi and Joulain, Karl and Mulet, Jean-Philippe and Mainguy, Stephane and Chen, Yong},
	journal={Nature},
	volume={416},
	number={6876},
	pages={61--64},
	year={2002},
	publisher={Nature Publishing Group}
}

@article{giljohann2009,
	title={Drivers of biodiagnostic development},
	author={Giljohann, David A and Mirkin, Chad A},
	journal={Nature},
	volume={462},
	number={7272},
	pages={461--464},
	year={2009},
	publisher={Nature Publishing Group}
}

@article{Boriskina:11,
author = {Svetlana V. Boriskina and Bj\"{o}rn M. Reinhard},
journal = {Opt. Express},
keywords = {Surface plasmons; Microcavities ; Coupled resonators ; Plasmonics; Switching ; Dielectric microcavities; Fano resonance; Light matter interactions; Phase modulation; Quantum information processing; Spatial light modulators},
number = {22},
pages = {22305--22315},
publisher = {OSA},
title = {Adaptive on-chip control of nano-optical fields with optoplasmonic vortex nanogates},
volume = {19},
month = {Oct},
year = {2011},
url = {http://www.opticsexpress.org/abstract.cfm?URI=oe-19-22-22305},
doi = {10.1364/OE.19.022305},
abstract = {A major challenge for plasmonics as an enabling technology for quantum information processing is the realization of active spatio-temporal control of light on the nanoscale. The use of phase-shaped pulses or beams enforces specific requirements for on-chip integration and imposes strict design limitations. We introduce here an alternative approach, which is based on exploiting the strong sub-wavelength spatial phase modulation in the near-field of resonantly-excited high-Q optical microcavities integrated into plasmonic nanocircuits. Our theoretical analysis reveals the formation of areas of circulating powerflow (optical vortices) in the near-fields of optical microcavities, whose positions and mutual coupling can be controlled by tuning the microcavities parameters and the excitation wavelength. We show that optical powerflow though nanoscale plasmonic structures can be dynamically molded by engineering interactions of microcavity-induced optical vortices with noble-metal nanoparticles. The proposed strategy of re-configuring plasmonic nanocircuits via locally-addressable photonic elements opens the way to develop chip-integrated optoplasmonic switching architectures, which is crucial for implementation of quantum information nanocircuits.},
}

@article{bauch2014,
	title={Plasmon-enhanced fluorescence biosensors: a review},
	author={Bauch, Martin and Toma, Koji and Toma, Mana and Zhang, Qingwen and Dostalek, Jakub},
	journal={Plasmonics},
	volume={9},
	number={4},
	pages={781--799},
	year={2014},
	publisher={Springer}
}

@article{lazcka2007,
	title={Pathogen detection: A perspective of traditional methods and biosensors},
	author={Lazcka, Olivier and Del Campo, F Javier and Munoz, F Xavier},
	journal={Biosensors and bioelectronics},
	volume={22},
	number={7},
	pages={1205--1217},
	year={2007},
	publisher={Elsevier}
}

@Book{navotny2012,
  title={Principles of nano-optics},
  author={Novotny, Lukas and Hecht, Bert},
  year={2012},
  publisher={Cambridge university press}
}

@Book{Maier2007,
 title={Plasmonics: Fundametals and applications},
 author={Maier, Stefan Alexander},
 year={2007},
 publisher={Springer}
}

@article{marti1993near,
  title={Near-field optical measurement of the surface plasmon field},
  author={Marti, O and Bielefeldt, Hartmut and Hecht, Bert and Herminghaus, Stephan and Leiderer, Paul and Mlynek, J{\"u}rgen},
  journal={Optics communications},
  volume={96},
  number={4},
  pages={225--228},
  year={1993},
  publisher={Elsevier}
}

@book{albani2008principles,
  title={Principles and applications of fluorescence spectroscopy},
  author={Albani, Jihad Ren{\'e}},
  year={2008},
  publisher={John Wiley \& Sons}
}

@article{Ritchie1957,
  title = {Plasma Losses by Fast Electrons in Thin Films},
  author = {Ritchie, R. H.},
  journal = {Physical Review},
  volume = {106},
  issue = {5},
  pages = {874--881},
  numpages = {0},
  year = {1957},
  month = {Jun},
  publisher = {American Physical Society},
  doi = {10.1103/PhysRev.106.874},
  url = {http://link.aps.org/doi/10.1103/PhysRev.106.874}
}

@incollection{kik2007surface,
  title={Surface plasmon nanophotonics},
  author={Kik, Pieter G and Brongersma, Mark L},
  booktitle={Surface Plasmon Nanophotonics},
  pages={1--9},
  year={2007},
  publisher={Springer}
}

@article{calander2004theory,
  title={Theory and simulation of surface plasmon-coupled directional emission from fluorophores at planar structures},
  author={Calander, Nils},
  journal={Analytical chemistry},
  volume={76},
  number={8},
  pages={2168--2173},
  year={2004},
  publisher={ACS Publications}
}

@article{calander2005surface,
  title={Surface plasmon-coupled emission and Fabry-Perot resonance in the sample layer: a theoretical approach},
  author={Calander, Nils},
  journal={The Journal of Physical Chemistry B},
  volume={109},
  number={29},
  pages={13957--13963},
  year={2005},
  publisher={ACS Publications}
}

@article{ekgasit2004evanescent,
  title={Evanescent field in surface plasmon resonance and surface plasmon field-enhanced fluorescence spectroscopies},
  author={Ekgasit, Sanong and Thammacharoen, Chuchaat and Yu, Fang and Knoll, Wolfgang},
  journal={Analytical chemistry},
  volume={76},
  number={8},
  pages={2210--2219},
  year={2004},
  publisher={ACS Publications}
}

@article{vasilev2004fluorescence,
  title={Fluorescence intensities of chromophores in front of a thin metal film},
  author={Vasilev, Krasimir and Knoll, Wolfgang and Kreiter, Maximilian},
  journal={The Journal of chemical physics},
  volume={120},
  number={7},
  pages={3439--3445},
  year={2004},
  publisher={AIP Publishing}
}

@article{dutta2015directing,
	title={Directing fluorescence with plasmonic and photonic structures},
	author={Dutta Choudhury, Sharmistha and Badugu, Ramachandram and Lakowicz, Joseph R},
	journal={Accounts of chemical research},
	volume={48},
	number={8},
	pages={2171--2180},
	year={2015},
	publisher={ACS Publications}
}

@article{lakowicz2006plasmonics,
  title={Plasmonics in biology and plasmon-controlled fluorescence},
  author={Lakowicz, Joseph R},
  journal={Plasmonics},
  volume={1},
  number={1},
  pages={5--33},
  year={2006},
  publisher={Springer}
}

@article{lakowicz2001radiative,
  title={Radiative decay engineering: biophysical and biomedical applications},
  author={Lakowicz, Joseph R},
  journal={Analytical biochemistry},
  volume={298},
  number={1},
  pages={1--24},
  year={2001},
  publisher={Elsevier}
}

@article{lakowicz2004radiative,
  title={Radiative decay engineering 3. Surface plasmon-coupled directional emission},
  author={Lakowicz, Joseph R},
  journal={Analytical biochemistry},
  volume={324},
  number={2},
  pages={153--169},
  year={2004},
  publisher={Elsevier}
}

@article{gryczynski2004radiative,
  title={Radiative decay engineering 4. Experimental studies of surface plasmon-coupled directional emission},
  author={Gryczynski, Ignacy and Malicka, Joanna and Gryczynski, Zygmunt and Lakowicz, Joseph R},
  journal={Analytical biochemistry},
  volume={324},
  number={2},
  pages={170--182},
  year={2004},
  publisher={Elsevier}
}

@book{geddes2007radiative,
  title={Radiative decay engineering},
  author={Geddes, Chris D and Lakowicz, Joseph R},
  volume={8},
  year={2007},
  publisher={Springer}
}

@incollection{geddes2004noble,
  title={Noble-metal surfaces for metal-enhanced fluorescence},
  author={Geddes, Chris D and Aslan, Kadir and Gryczynski, Ignacy and Malicka, Joanna and Lakowicz, Joseph R},
  booktitle={Reviews in Fluorescence 2004},
  pages={365--401},
  year={2004},
  publisher={Springer}
}

@article{SHI20101059,
title = "Optical response of a flat metallic surface coated with a monolayer array of latex spheres",
journal = "Physics Letters A",
volume = "374",
number = "8",
pages = "1059 - 1062",
year = "2010",
issn = "0375-9601",
doi = "https://doi.org/10.1016/j.physleta.2009.12.033",
url = "http://www.sciencedirect.com/science/article/pii/S0375960109015692",
author = "Lei Shi and Xiaohan Liu and Haiwei Yin and Jian Zi",
keywords = "Metallic surface, Latex sphere, Guided mode, Surface plasmon–polariton",
abstract = "We report on the fabrication, characterization and simulation of a structure consisting of a flat metallic surface coated with a monolayer array of latex spheres. This structure shows interesting optical response: over flat metallic surfaces a series of reflection minima appear in reflection spectra. Numerical simulations revealed that the structure can support two types of surface modes: surface plasmon–polaritons bound at the metallic surface and guided modes confined to the array of latex spheres, or their hybrids. Both experimental and theoretical results indicated that these surface modes show well-defined band structures due to the introduced periodicity by the monolayer array of latex spheres."
}

@article{shi2014coherent,
  author = {Shi, Lei and Yuan, Xiaowen and Zhang, Yafeng and Hakala, Tommi and Yin, Shaoyu and Han, Dezhuan and Zhu, Xiaolong and Zhang, Bo and Liu, Xiaohan and Törmä, Päivi and Lu, Wei and Zi, Jian},
  title = {Coherent fluorescence emission by using hybrid photonic–plasmonic crystals},
  journal = {Laser \& Photonics Reviews},
  volume = {8},
  number = {5},
  pages = {717-725},
  keywords = {coherence, hybrid photonic–plasmonic crystals, quasi-two-dimensional optical modes, fluorescence},
  doi = {10.1002/lpor.201300196},
  url = {https://onlinelibrary.wiley.com/doi/abs/10.1002/lpor.201300196},
  year = {2014},
  publisher={Wiley Online Library}
}

@article{PhysRevE.98.063304,
	title = {Optical admittance method for light-matter interaction in lossy planar resonators},
	author = {Kivisaari, Pyry and Partanen, Mikko and Oksanen, Jani},
	journal = {Phys. Rev. E},
	volume = {98},
	issue = {6},
	pages = {063304},
	numpages = {13},
	year = {2018},
	month = {Dec},
	publisher = {American Physical Society},
	doi = {10.1103/PhysRevE.98.063304},
	url = {https://link.aps.org/doi/10.1103/PhysRevE.98.063304}
}

@article{romanov2011,
  title={Hybrid Colloidal Plasmonic-Photonic Crystals},
  author={Romanov, Sergei G and Korovin, Alexander V and Regensburger, Alois and Peschel, Ulf},
  journal={Advanced Materials},
  volume={23},
  number={22-23},
  pages={2515--2533},
  year={2011},
  publisher={Wiley Online Library}
}

@article{yu2010high,
  title={High quality factor metallodielectric hybrid plasmonic--photonic crystals},
  author={Yu, Xindi and Shi, Lei and Han, Dezhuan and Zi, Jian and Braun, Paul V},
  journal={Advanced Functional Materials},
  volume={20},
  number={12},
  pages={1910--1916},
  year={2010},
  publisher={Wiley Online Library}
}

@article{lopez2010enhancement,
  title={Enhancement and Directionality of Spontaneous Emission in Hybrid Self-Assembled Photonic--Plasmonic Crystals},
  author={L{\'o}pez-Garc{\'\i}a, Mart{\'\i}n and Galisteo-L{\'o}pez, Juan F and Blanco, Alvaro and S{\'a}nchez-Marcos, Jorge and L{\'o}pez, Cefe and Garc{\'\i}a-Mart{\'\i}n, Antonio},
  journal={Small},
  volume={6},
  number={16},
  pages={1757--1761},
  year={2010},
  publisher={Wiley Online Library}
}

@article{hashemi2010emergence,
 title={Emergence of semi-localized Anderson modes in a disordered photonic crystal as a result of overlap probability},
 author={Hashemi, A.R. and Hosseini-Farzad, M. and Montakhab, Afshin},
 journal={The Europian Physical Journal B},
 volume={77},
 pages={147-152},
 year={2010},
 publisher={Springer}
}

@article{vandenbem2010controlling,
 title={Controlling the quantum yield of a dipole emitter with coupled plasmonic modes},
 author={Vandenbem, C. and Brayer, D. and Froufe-Pérez, L. S. and Carminati, R.},
 journal={Physical Review B},
 volume={81},
 pages={085444},
 year={2010},
 publisher={American Physical Society}
}

@article{das2016plasmonic,
title={Plasmonic nanostructures for the ultrasensitive detection of biomolecules},
author={Das, G and Coluccio, ML and Alrasheed, S and Giugni, A and Allione, M and Torre, B and Perozziello, G and Candeloro, P and Di Fabrizio, E},
journal={Riv. Nuovo Cimento},
volume={39},
pages={547--586},
year={2016}
}

@Article{C7AN00970D,
author ="Sergelen, K. and Liedberg, B. and Knoll, W. and Dostálek, J.",
title  ="A surface plasmon field-enhanced fluorescence reversible split aptamer biosensor",
journal  ="Analyst",
year  ="2017",
volume  ="142",
issue  ="16",
pages  ="2995-3001",
publisher  ="The Royal Society of Chemistry",
doi  ="10.1039/C7AN00970D"
}

@article{shi2010,
 title={ },
 author={Shi, L. and Liu, X. and Yina, H. and Zi, J.},
 journal={Physics Letter A},
 volume={374},
 pages={1059},
 year={2010}
 publisher={American Physical Society}
}

@article{Bruschi2015,
	author ="Bruschi, Lorenzo and Mistura, Giampaolo and Nguyen, Phuong T. M. and Do, Duong D. and Nicholson, David and Park, Sang-Joon and Lee, Woo",
	title  ="Adsorption in alumina pores open at one and at both ends",
	journal  ="Nanoscale",
	year  ="2015",
	volume  ="7",
	issue  ="6",
	pages  ="2587-2596",
	publisher  ="The Royal Society of Chemistry",
	doi  ="10.1039/C4NR06469K",
	url  ="http://dx.doi.org/10.1039/C4NR06469K".
}

@article{cui2012,
	title={A facile and efficient approach for pore-opening detection of anodic aluminum oxide membranes},
	author={Cui, Jiewu and Wu, Yucheng and Wang, Yan and Zheng, Hongmei and Xu, Guangqing and Zhang, Xinyi},
	journal={Applied Surface Science},
	volume={258},
	number={14},
	pages={5305--5311},
	year={2012},
	publisher={Elsevier}
}

@article{sosnova2016,
	title={Hybridization of surface plasmon polariton and photonic crystal modes in bragg mirror with periodically profiled metal film},
	author={Sosnova, Mariya V and Mamykin, Sergii V and Korovin, Alexander V and Dmitruk, Nicolas L},
	journal={Nanoscale research letters},
	volume={11},
	number={1},
	pages={144},
	year={2016},
	publisher={Springer US}
}

@article{yang2011,
	title={Hybrid photonic- plasmonic crystal nanocavities},
	author={Yang, Xiaodong and Ishikawa, Atsushi and Yin, Xiaobo and Zhang, Xiang},
	journal={Acs Nano},
	volume={5},
	number={4},
	pages={2831--2838},
	year={2011},
	publisher={ACS Publications}
}

@article{lopez2010,
	title={Enhancement and Directionality of Spontaneous Emission in Hybrid Self-Assembled Photonic--Plasmonic Crystals},
	author={L{\'o}pez-Garc{\'\i}a, Mart{\'\i}n and Galisteo-L{\'o}pez, Juan F and Blanco, Alvaro and S{\'a}nchez-Marcos, Jorge and L{\'o}pez, Cefe and Garc{\'\i}a-Mart{\'\i}n, Antonio},
	journal={small},
	volume={6},
	number={16},
	pages={1757--1761},
	year={2010},
	publisher={Wiley Online Library}
}

@article{zhang2012,
	title={Plasmonic gold nanocrystals coupled with photonic crystal seamlessly on TiO2 nanotube photoelectrodes for efficient visible light photoelectrochemical water splitting},
	author={Zhang, Zhonghai and Zhang, Lianbin and Hedhili, Mohamed Nejib and Zhang, Hongnan and Wang, Peng},
	journal={Nano letters},
	volume={13},
	number={1},
	pages={14--20},
	year={2012},
	publisher={ACS Publications}
}

}
@Book{Jackson,
	author = {John David Jackson},
	title = {Classical electrodynamics},
	publisher = {John Wiley \& Sons, Inc.},
	year = {1999},
	edition = {3}
}
@Book{Tsang2,
	author = {Leung Tsang, Jin Au Kong, Kung-Hau Ding, Chi On Ao},
	title = {Scattering of Electromagnetic Waves: Numerical Simulations},
	publisher = {John Wiley \& Sons, Inc.},
	year = {2001}
	edition = {1}
}
@Book{Tsang1,
	author = {Leung Tsang, Jin Au Kong, Kung-Hau Ding},
	title = {Scattering of Electromagnetic Waves: Theories and Applications},
	publisher = {John Wiley \& Sons, Inc.},
	year = {2000}
	edition = {1}
}
@Article{anderson1958,
	author={Anderson PW},
	title={Absence of diffusion in certain random lattices},
	journal={Phys. Rev.},
	volume={109},
	pages={1492–1505},
	year={1958}
}
@Article{abrahams,
	author={Abrahams E, Anderson PW, Licciardello DC, Ramakrishnan TV},
	title={Scaling theory of localization: absence of quantum diffusion in two dimensions},
	journal={Phys. Rev. Lett.},
	volume={42},
	pages={673–676},
	year={1979}
}
@Article{sheng1986,
	author={Sheng P, Zhang ZC},
	title={Scalar-wave localization in a two-component composite},
	journal={Phys. Rev. Lett.},
	volume={57},
	pages={1879–1882},
	year={1986}
}
@Article{Tsang1984,
	author={Tsang L, Ishimaru A},
	title={Backscattering enhancement of random discrete scatterers},
	journal={J. Opt. Soc. Am. A},
	volume={l},
	pages={836–839},
	year={1984}
}
@Book{r01,
	author = {John D. Joannopoulos and Steven G. Johnson and Robert D. Meade and Joshua N. Winn},
	title = {Photonic crystals: molding the flow of light},
	publisher = {Princeton University Press},
	year = {2008},
	edition = {2}
}
@Book{r02,
	author = {J. M. Lourtioz and H. Benisty and V. Berger and J. M. G\'erard and D. Maystre and A. Tchelnokov},
	title = {Photonic Crystals: Towards Nanoscale Photonic Devices},
	publisher = {Springer},
	year = {2005},
	chapter = {3}
}
@Article{r03,
  author={R H Lipson and C Lu},
  title={Photonic crystals: a unique partnership between light and matter},
  journal={Eur. J. Phys.},
  volume={30},
  number={4},
  pages={S33-S48},
  year={2009}
  url={http://stacks.iop.org/0143-0807/30/S33}
}
@Article{r04,
author = {Lin, Shawn-Yu and Chow, Edmund and Hietala, Vince and Villeneuve, Pierre R. and Joannopoulos, J. D.},
title = {Experimental Demonstration of Guiding and Bending of Electromagnetic Waves in a Photonic Crystal},
journal = {Science},
volume = {282},
number = {5387},
pages = {274-276},
doi = {10.1126/science.282.5387.274},
year = {1998}
URL = {http://www.sciencemag.org/cgi/content/abstract/282/5387/274}
eprint = {http://www.sciencemag.org/cgi/reprint/282/5387/274.pdf}
}
@Article{r05,
  title = {High Transmission through Sharp Bends in Photonic Crystal Waveguides},
  author = {Mekis, Attila  and Chen, J. C. and Kurland, I.  and Fan, Shanhui  and Villeneuve, Pierre R. and Joannopoulos, J. D.},
  journal = {Phys. Rev. Lett.},
  volume = {77},
  number = {18},
  pages = {3787--3790},
  numpages = {3},
  year = {1996},
  month = {Oct},
  doi = {10.1103/PhysRevLett.77.3787},
  publisher = {American Physical Society}
}
@Article{r07,
  title = {Effects of disorder in two-dimensional photonic crystal waveguides},
  author = {Langtry, T. N. and Asatryan, A. A. and Botten, L. C. and de Sterke, C. M. and McPhedran, R. C. and Robinson, P. A.},
  journal = {Phys. Rev. E},
  volume = {68},
  number = {2},
  pages = {026611},
  numpages = {11},
  year = {2003},
  month = {Aug},
  doi = {10.1103/PhysRevE.68.026611},
  publisher = {American Physical Society}
}
@Article{r08,
	author = {Kai-Chong Kwan and Xiangdong Zhang and Zhao-Qing Zhang and C. T. Chan},
	title = {Effects due to disorder on photonic crystal-based waveguides},
	publisher = {AIP},
	year = {2003},
	journal = {Appl. Phys. Lett.},
	volume = {82},
	number = {25},
	pages = {4414-4416},
	keywords = {photonic crystals; optical waveguide theory},
	doi = {10.1063/1.1584512}
	url = {http://link.aip.org/link/?APL/82/4414/1}	
}
@article{r09, 
	author = {Alejandro Rodriguez and M. Ibanescu and J. D. Joannopoulos and Steven G. Johnson}, 
	journal = {Opt. Lett.}, 
	keywords = {Micro-optical devices; Resonators; Roughness},
	number = {23}, 
	pages = {3192--3194}, 
	publisher = {OSA},
	title = {Disorder-immune confinement of light in photonic-crystal cavities}, 
	volume = {30}, 
	year = {2005}
	url = {http://ol.osa.org/abstract.cfm?URI=ol-30-23-3192}
}
@article{r10,
  author={R Meisels and F Kuchar},
  title={Density-of-states and wave propagation in two-dimensional photonic crystals with positional disorder},
  journal={Journal of Optics A: Pure and Applied Optics},
  volume={9},
  number={9},
  pages={S396-S402},
  year={2007}
  url={http://stacks.iop.org/1464-4258/9/S396}  
}
@Article{r11,  
    journal={Appl. Phys. B: Lasers and Optics},
    title={Influence of random errors on the characteristics of typical 2D photonic crystal microcavity},
    author={Z.H. Zhu and W.M. Ye and J.R. Ji and X.D. Yuan and C. Zen},
    volume={88},
    number={2},
    pages={231-236},
    year={2007},
    month = {Jul},
    doi={10.1007/s00340-007-2695-6}
    url={http://www.springerlink.com/content/6p4630m3r3t76544}
}
@Article{r12,
  author={C. J. Matthews and R. Seviour},
  title={Effects of disorder on the frequency and field of photonic-crystal cavity resonators},
  journal={Appl. Phys. B: Lasers and Optics},
  volume={94},
  number={3},
  pages={381-388},
  year={2009},
  doi={10.1007/s00340-008-3330-x}
  url={http://www.springerlink.com/content/7876r16688w23qp3}
}
@article{r13,
author = {David Laurent and Olivier Legrand and Patrick Sebbah and Christian Vanneste and Fabrice Mortessagne},
title = {Localized Modes in a Finite-Size Open Disordered Microwave Cavity},
publisher = {APS},
year = {2007},
journal = {Phys. Rev. Lett.},
volume = {99},
number = {25},
eid = {253902},
pages = {253902},
doi = {10.1103/PhysRevLett.99.253902}
url = {http://link.aps.org/abstract/PRL/v99/e253902}
}
@Article{r14,
  title = {Localization of electromagnetic waves in two-dimensional disordered systems},
  author = {Sigalas, M. M. and Soukoulis, C. M. and Chan, C.-T.  and Turner, D. },
  journal = {Phys. Rev. B},
  volume = {53},
  number = {13},
  pages = {8340--8348},
  numpages = {8},
  year = {1996},
  month = {Apr},
  doi = {10.1103/PhysRevB.53.8340},
  publisher = {American Physical Society}
}
@Article{r15,
  title = {Photonic band gaps, defect characteristics, and waveguiding in two-dimensional disordered dielectric and metallic photonic crystals},
  author = {Bayindir, Mehmet  and Cubukcu, E.  and Bulu, I.  and Tut, T.  and Ozbay, E.  and Soukoulis, C. M.},
  journal = {Phys. Rev. B},
  volume = {64},
  number = {19},
  pages = {195113},
  numpages = {7},
  year = {2001},
  month = {Oct},
  doi = {10.1103/PhysRevB.64.195113},
  publisher = {American Physical Society}
}
@Article{r16,
  title = {Effect of disorder on photonic band gaps},
  author = {Sigalas, M. M. and Soukoulis, C. M. and Chan, C. T. and Biswas, R.  and Ho, K. M.},
  journal = {Phys. Rev. B},
  volume = {59},
  number = {20},
  pages = {12767--12770},
  numpages = {3},
  year = {1999},
  month = {May},
  doi = {10.1103/PhysRevB.59.12767},
  publisher = {American Physical Society}
}
@Article{r17,
  title = {Gap deformation and classical wave localization in disordered two-dimensional photonic-band-gap materials},
  author = {Lidorikis, E.  and Sigalas, M. M. and Economou, E. N. and Soukoulis, C. M.},
  journal = {Phys. Rev. B},
  volume = {61},
  number = {20},
  pages = {13458--13464},
  numpages = {6},
  year = {2000},
  month = {May},
  doi = {10.1103/PhysRevB.61.13458},
  publisher = {American Physical Society}
}
@Article{r18,
  title = {Effect of size nonuniformities on the band gap of two-dimensional photonic crystals},
  author = {Ryu, Han-Youl  and Hwang, Jeong-Ki  and Lee, Yong-Hee },
  journal = {Phys. Rev. B},
  volume = {59},
  number = {8},
  pages = {5463--5469},
  numpages = {6},
  year = {1999},
  month = {Feb},
  doi = {10.1103/PhysRevB.59.5463},
  publisher = {American Physical Society}
}
@Article{r19,
  title = {Defect structures in a layer-by-layer photonic band-gap crystal},
  author = {\"Ozbay, E.  and Tuttle, G.  and Sigalas, M.  and Soukoulis, C. M. and Ho, K. M.},
  journal = {Phys. Rev. B},
  volume = {51},
  number = {20},
  pages = {13961--13965},
  numpages = {4},
  year = {1995},
  month = {May},
  doi = {10.1103/PhysRevB.51.13961},
  publisher = {American Physical Society}
}
@Article{r20,
  title = {Two-dimensional disordered photonic crystals with an average periodic lattice},
  author = {Li, Hongqiang  and Cheng, Bingying  and Zhang, Daozhong },
  journal = {Phys. Rev. B},
  volume = {56},
  number = {17},
  pages = {10734--10736},
  numpages = {2},
  year = {1997},
  month = {Nov},
  doi = {10.1103/PhysRevB.56.10734},
  publisher = {American Physical Society}
}
@Article{r21,
  title = {Finite-element analysis of disorder effects in photonic crystals},
  author = {Frei, W. R. and Johnson, H. T.},
  journal = {Phys. Rev. B},
  volume = {70},
  number = {16},
  pages = {165116},
  numpages = {11},
  year = {2004},
  month = {Oct},
  doi = {10.1103/PhysRevB.70.165116},
  publisher = {American Physical Society}
}




@inProceedings{Lang2004,
author = {T. N. Langtry and L. C. Botten and A. A. Asatryan and M. A. Byrne and A. Bourgeois},
title = {Localisation and disorder in the design of 2D photonic crystal devices},
journal = {ANZIAM J.},
volume = {45},
pages = {C744--C758},
year = {2004},
booktitle = {Proc. of 11th Computational Techniques and Applications Conference CTAC-2003},
editor = {Jagoda Crawford and A. J. Roberts},
month = {Jul},
note = {[Online] \protect \url {http://anziamj.austms.org.au/V45/CTAC2003/Lang/home.html} [July 30, 2004]},
keywords = {photonic crystal; localisation; disorder}
}
@Book{TafloveFDTD,
	author = {Allen Taflove and Susan C. Hagness},
	title = {Computational Electrodynamics: The Finite-Difference Time-Domain Method},
	publisher = {Artech House},
	year = {2005},
	edition = {3},
	isbn={1-58053-832-0}
}
@Article{CPML2000,
title={},
author={J. Alan Roden and Stephen D. Gedney},
journal={Microwave and Optical Technology Letters},
year={2000},
volume={27},
number={5},
pages={334-339},
publisher={John Wiley & Sons, Inc.},
doi={10.1002/1098-2760(20001205)27:5<334::AID-MOP14>3.0.CO;2-A}
url={http://dx.doi.org/10.1002/1098-2760(20001205)27:5<334::AID-MOP14>3.0.CO;2-A}
}
@ARTICLE{Schneider98, 
title={Implementation of transparent sources in FDTD simulations}, 
author={Schneider, J.B. and Wagner, C.L. and Ramahi, O.M.}, 
journal={IEEE Trans. Antennas Propag.}, 
year={1998}, 
month={Aug}, 
volume={46}, 
number={8}, 
pages={1159-1168}, 
doi={10.1109/8.718570}, 
ISSN={0018-926X}
}
@Misc{anim,
	note = {See EPAPS Document No. [number will be inserted by publisher] for full animation of the evolution of electric field in disordered PC. For more information on EPAPS, see http://www.aip.org/pubservs/epaps.html.}
}
@Book{Sheng2006,
	author = {P. Sheng},
	title = {Introduction to Wave Scattering, Localization and Mesoscopic Phenomena},
	publisher = {Springer},
	year = {2006},
	edition = {2},
	isbn={3-540-29155-5}
}
@Article{PhysRevLett.87.183903,
  title = {Selective Excitation of Localized Modes in Active Random Media},
  author = {Vanneste, C.  and Sebbah, P. },
  journal = {Phys. Rev. Lett.},
  volume = {87},
  number = {18},
  pages = {183903},
  year = {2001},
  month = {Oct},
  publisher = {American Physical Society}
  doi = {10.1103/PhysRevLett.87.183903}  
}
@Article{PhysRevA.69.031803,
  title = {Highest-quality modes in disordered photonic crystals},
  author = {Yamilov, Alexey  and Cao, Hui },
  journal = {Phys. Rev. A},
  volume = {69},
  number = {3},
  pages = {031803},
  numpages = {4},
  year = {2004},
  month = {Mar},  
  publisher = {American Physical Society}
  doi = {10.1103/PhysRevA.69.031803}
}







@Article{PhysRevE.60.6118,
  title = {Effects of disorder on wave propagation in two-dimensional photonic crystals},
  author = {Asatryan, A. A. and Robinson, P. A. and Botten, L. C. and McPhedran, R. C. and Nicorovici, N. A. and Martijn de Sterke, C. },
  journal = {Phys. Rev. E},
  volume = {60},
  number = {5},
  pages = {6118--6127},
  numpages = {9},
  year = {1999},
  month = {Nov},
  doi = {10.1103/PhysRevE.60.6118},
  publisher = {American Physical Society}
}
@Article{fan:1415,
author = {Shanhui Fan and Pierre R. Villeneuve and J. D. Joannopoulos},
collaboration = {},
title = {Theoretical investigation of fabrication-related disorder on the properties of photonic crystals},
publisher = {AIP},
year = {1995},
journal = {J. Appl. Phys.},
volume = {78},
number = {3},
pages = {1415-1418},
keywords = {OPTICAL MATERIALS; OPTOELECTRONIC DEVICES; FABRICATION; ENERGY GAP; CRYSTALS; LITHOGRAPHY; SILICON; GALLIUM ARSENIDES},
doi = {10.1063/1.360298}
url = {http://link.aip.org/link/?JAP/78/1415/1}
}
@Article{PhysRevB.61.15738,
  title = {Disordered photonic crystals understood by a perturbation formalism},
  author = {Li, Zhi-Yuan  and Zhang, Xiangdong  and Zhang, Zhao-Qing },
  journal = {Phys. Rev. B},
  volume = {61},
  number = {23},
  pages = {15738--15748},
  numpages = {10},
  year = {2000},
  month = {Jun},
  doi = {10.1103/PhysRevB.61.15738},
  publisher = {American Physical Society}
}
@Article{PhysRevE.63.046612,
  title = {Two-dimensional Green\char39{}s function and local density of states in photonic crystals consisting of a finite number of cylinders of infinite length},
  author = {Asatryan, A. A. and Busch, K.  and McPhedran, R. C. and Botten, L. C. and Martijn de Sterke, C.  and Nicorovici, N. A.},
  journal = {Phys. Rev. E},
  volume = {63},
  number = {4},
  pages = {046612},
  numpages = {4},
  year = {2001},
  month = {Mar},
  doi = {10.1103/PhysRevE.63.046612},
  publisher = {American Physical Society}
}
@Article{PhysRevB.66.113101,
  title = {Disorder-induced modification of the transmission of light in a two-dimensional photonic crystal},
  author = {Kaliteevski, M. A. and Martinez, J. Manzanares and Cassagne, D.  and Albert, J. P.},
  journal = {Phys. Rev. B},
  volume = {66},
  number = {11},
  pages = {113101},
  numpages = {4},
  year = {2002},
  month = {Sep},
  doi = {10.1103/PhysRevB.66.113101},
  publisher = {American Physical Society}
}
@BOOK{Dehkhoda,
  AUTHOR = {دهخدا, علي\hspace{0.06ex} اكبر},
  SUPERVISOR = {},
  TITLE = {\textbf{لغت\hspace{0.06ex} نامه دهخدا}},
  PUBLISHER = {زير نظر شهيدي, سيّدجعفر، مؤسّسه انتشارات و چاپ دانشگاه تهران},
  YEAR = {1384},
  LANGUAGE = {Persian}
}
@Article{John,
  title = {Strong localization of photons in certain disordered dielectric superlattices},
  author = {John, Sajeev },
  journal = {Phys. Rev. Lett.},
  volume = {58},
  number = {23},
  pages = {2486--2489},
  numpages = {3},
  year = {1987},
  month = {Jun},
  publisher = {American Physical Society}
  doi = {10.1103/PhysRevLett.58.2486}
}
@article{Yablo1, 
 author = {E. Yablonovitch}, 
 journal = {Phys. Rev. Lett.}, 
 pages = {2059–-2062}, 
 publisher = {American Physical Society},
 title = {Inhibited spontaneous emission in solid-state physics and electronics}, 
 volume = {58}, 
 year = {1987}
}
@article{Yablo2, 
 author = {E. Yablonovitch}, 
 journal = {J. Opt. Soc. Am. B}, 
 keywords = {},
 number = {2}, 
 pages = {283--295}, 
 publisher = {OSA},
 title = {Photonic band-gap structures}, 
 volume = {10}, 
 year = {1993}
 url = {http://josab.osa.org/abstract.cfm?URI=josab-10-2-283}
}
@ARTICLE{Yee66,
 title={Numerical solution of initial boundary value problems involving maxwell's equations in isotropic media},
 author={Kane Yee},
 journal={IEEE Trans. Antennas Propag.},
 year={1966},
 month={May},
 volume={14},
 number={3},
 pages={302-307}
 doi={10.1109/TAP.1966.1138693}
 ISSN={0018-926X}
}
@ARTICLE{berenger1996,
 title={Perfectly matched layer for the FDTD solution of wave-structure interaction problems},
 author={Berenger, Jean-Pierre},
 journal={IEEE Trans. Antennas Propag.},
 year={1996},
 month={Jan},
 volume={44},
 number={1},
 pages={110-117}
 doi={10.1109/8.477535}
 ISSN={0018-926X}
}
@article{berenger1994,
 author = {Berenger, Jean-Pierre},
 title = {A perfectly matched layer for the absorption of electromagnetic waves},
 journal = {J. Comput. Phys.},
 volume = {114},
 number = {2},
 year = {1994},
 publisher = {Academic Press Professional, Inc.},
 pages = {185--200}
 doi = {http://dx.doi.org/10.1006/jcph.1994.1159}
 issn = {0021-9991}
 address = {San Diego, CA, USA}
}
@ARTICLE{4331114,
 title={On Implementing a Numeric Huygen's Source Scheme in a Finite Difference Program to Illuminate Scattering Bodies},
 author={Merewether, D. E. and Fisher, R. and Smith, F. W.},
 journal={IEEE Trans. Nuclear Science},
 year={1980},
 month={Dec. },
 volume={27},
 number={6},
 pages={1829-1833}
 doi={10.1109/TNS.1980.4331114}
 ISSN={0018-9499}
}
@ARTICLE{4091495,
 title={Absorbing Boundary Conditions for the Finite-Difference Approximation of the Time-Domain Electromagnetic-Field Equations},
 author={Mur, G.},
 journal={IEEE Trans. Electromag. Compat.},
 year={1981},
 month={Nov. },
 volume={EMC-23},
 number={4},
 pages={377-382}
 doi={10.1109/TEMC.1981.303970}
 ISSN={0018-9375}
}
@ARTICLE{4091589,
 title={A Novel Method to Analyze Electromagnetic Scattering of Complex Objects},
 author={Umashankar, K. and Taflove, A.},
 journal={IEEE Trans. Electromag. Compat.},
 year={1982},
 month={Nov. },
 volume={EMC-24},
 number={4},
 pages={397-405}
 doi={10.1109/TEMC.1982.304054}
 ISSN={0018-9375}
}
@ARTICLE{Taflove75,
 title={Numerical Solution of Steady-State Electromagnetic Scattering Problems Using the Time-Dependent Maxwell's Equations},
 author={Taflove, A. and Brodwin, M.E.},
 journal={IEEE Trans. Microwave Theory and Techniques},
 year={1975},
 month={Aug},
 volume={23},
 number={8},
 pages={ 623-630}
 doi={}
 ISSN={0018-9480}
}
